<record><leader>00000cas a2200000 a 4500</leader><controlfield tag="001">8792732</controlfield><controlfield tag="008">820921d18361841iluwr ne      0   a0eng  </controlfield><datafield ind1=" " ind2=" " tag="010"><subfield code="a">sn 82014540 </subfield></datafield><datafield ind1=" " ind2=" " tag="040"><subfield code="a">DLC</subfield><subfield code="b">eng</subfield><subfield code="c">DLC</subfield><subfield code="d">NPV</subfield><subfield code="d">NPX</subfield><subfield code="d">NPU</subfield><subfield code="d">DLC</subfield><subfield code="d">NYS</subfield><subfield code="d">NVF</subfield><subfield code="d">OBN</subfield><subfield code="d">CVF</subfield><subfield code="d">OCL</subfield><subfield code="d">NVF</subfield><subfield code="d">OCLCO</subfield><subfield code="d">OCLCF</subfield><subfield code="d">NVF</subfield></datafield><datafield ind1=" " ind2=" " tag="042"><subfield code="a">pcc</subfield></datafield><datafield ind1=" " ind2=" " tag="043"><subfield code="a">n-us-il</subfield></datafield><datafield ind1="0" ind2="0" tag="050"><subfield code="a">Newspaper 7574-X</subfield></datafield><datafield ind1="0" ind2="4" tag="245"><subfield code="a">The Quincy Argus.</subfield></datafield><datafield ind1=" " ind2=" " tag="260"><subfield code="a">Quincy, Ill. :</subfield><subfield code="b">Pettit, Aldrich &amp; Sullivan</subfield></datafield><datafield ind1="2" ind2=" " tag="260"><subfield code="3">&lt;Oct. 7-21, 1837&gt;</subfield><subfield code="a">Quincy, Ill. :</subfield><subfield code="b">Pettit &amp; Aldrich</subfield></datafield><datafield ind1="2" ind2=" " tag="260"><subfield code="3">&lt;Dec. 30, 1837-Mar. 24, 1838&gt;</subfield><subfield code="a">Quincy, Ill. :</subfield><subfield code="b">Pettit, Aldrich &amp; Karnes</subfield></datafield><datafield ind1="2" ind2=" " tag="260"><subfield code="3">&lt;Apr. 7, 1838&gt;-June 2, 1838</subfield><subfield code="a">Quincy, Ill. :</subfield><subfield code="b">Aldrich &amp; Karnes</subfield></datafield><datafield ind1="2" ind2=" " tag="260"><subfield code="3">June 9-Oct. 27, 1838</subfield><subfield code="a">Quincy, Ill. :</subfield><subfield code="b">Dunbar Aldrich</subfield></datafield><datafield ind1=" " ind2=" " tag="260"><subfield code="3">Nov. 3, 1838-&lt;May 4, 1839&gt;</subfield><subfield code="a">Quincy, Ill. :</subfield><subfield code="b">Karnes &amp; Bassett</subfield></datafield><datafield ind1=" " ind2=" " tag="300"><subfield code="a">v.</subfield></datafield><datafield ind1=" " ind2=" " tag="310"><subfield code="a">Weekly</subfield></datafield><datafield ind1="1" ind2=" " tag="362"><subfield code="a">Began in 1836; ceased in 1841.</subfield></datafield><datafield ind1=" " ind2=" " tag="515"><subfield code="a">Issues for Nov. 17, 1838-&lt;Dec. 29, 1838&gt; called also whole no. 167-&lt;173&gt;</subfield></datafield><datafield ind1=" " ind2=" " tag="530"><subfield code="a">Preservation microfilmed by the University of Illinois at Urbana-Champaign Library as part of the United States Newspaper Program; the years 1838-1839 (on 1 microfilm reel) are available for purchase from OCLC Preservation Service Centers.</subfield></datafield><datafield ind1=" " ind2=" " tag="588"><subfield code="a">Description based on: Vol. 2, no. 44 (July 1, 1837).</subfield></datafield><datafield ind1=" " ind2=" " tag="588"><subfield code="a">Latest issue consulted: Vol. 6, no. 44 (July 24, 1841).</subfield></datafield><datafield ind1=" " ind2="0" tag="651"><subfield code="a">Quincy (Ill.)</subfield><subfield code="v">Newspapers.</subfield></datafield><datafield ind1=" " ind2="0" tag="651"><subfield code="a">Adams County (Ill.)</subfield><subfield code="v">Newspapers.</subfield></datafield><datafield ind1=" " ind2="7" tag="651"><subfield code="a">Illinois</subfield><subfield code="z">Adams County.</subfield><subfield code="2">fast</subfield><subfield code="0">(OCoLC)fst01206407</subfield></datafield><datafield ind1=" " ind2="7" tag="651"><subfield code="a">Illinois</subfield><subfield code="z">Quincy.</subfield><subfield code="2">fast</subfield><subfield code="0">(OCoLC)fst01212078</subfield></datafield><datafield ind1=" " ind2="7" tag="655"><subfield code="a">Newspapers.</subfield><subfield code="2">fast</subfield><subfield code="0">(OCoLC)fst01423814</subfield></datafield><datafield ind1=" " ind2=" " tag="752"><subfield code="a">United States</subfield><subfield code="b">Illinois</subfield><subfield code="c">Adams County</subfield><subfield code="d">Quincy.</subfield></datafield><datafield ind1="0" ind2="0" tag="780"><subfield code="t">Quincy Argus, and Illinois bounty land register</subfield><subfield code="w">(DLC)sn 92054599</subfield><subfield code="w">(OCoLC)26037449</subfield></datafield><datafield ind1="0" ind2="0" tag="785"><subfield code="t">Quincy herald (Quincy, Ill. : 1841)</subfield><subfield code="w">(DLC)sn 82014537</subfield><subfield code="w">(OCoLC)8792552</subfield></datafield><datafield ind1="1" ind2=" " tag="029"><subfield code="a">AU@</subfield><subfield code="b">000003228127</subfield></datafield></record>